@booklet {Kle93,
	title = "Auralization An Overview",
	author = "Mendel Kleiner and Bengt-Inge Dalenb√§ck and Peter Svensson",
	year = "1993",
	journal = "Journal of Audio Engineering Society, vol. 41"
}
