@book{Vor08,
  title={Auralization: Fundamentals of Acoustics, Modelling, Simulation, Algorithms and Acoustic Virtual Reality},
  author={Vorl{\"a}nder, M.},
  isbn={9783540488309},
  lccn={2007932291},
  series={RWTH edition},
  url={http://books.google.fr/books?id=CuXF3JkTuhAC},
  year={2008},
  publisher={Springer London, Limited}
}

@article{Kle93,
	title={Auralization: an overview},
	author={Kleiner, M. and Dalenback, B. and Svensson, P.},
	journal={AES Journal},
	volume={41},
	year={1993}
}

@techreport{Bru10,
  title={Auralisation spatialis{\'e}e de l'effet de salle: synth{\`e}se temps r{\'e}el VS synth{\`e}se temps diff{\'e}r{\'e}},
  author={Brulez, J.},
  year={2010},
  institution={Laboratoire d'Informatique pour la M{\'e}canique et les Sciences de l'Ing{\'e}nieur},
}

@techreport{Mar12,
  title={Base du traitement num{\'e}rique du signal},
  author={Marchiano, R.},
  year={2012},
  institution={Universit{\'e} Pierre et Marie Curie, Paris VI},
}

